%Survey of security issues in ICS
@article{igure2006security,
  title={Security issues in SCADA networks},
  author={Igure, Vinay M and Laughter, Sean A and Williams, Ronald D},
  journal={computers \& security},
  volume={25},
  number={7},
  pages={498--506},
  year={2006},
  publisher={Elsevier}
}

%data showing increase in external threats for ICS
@inproceedings{byres2004myths,
  title={The myths and facts behind cyber security risks for industrial control systems},
  author={Byres, Eric and Lowe, Justin},
  booktitle={Proceedings of the VDE Kongress},
  volume={116},
  pages={213--218},
  year={2004}
}

%Network-Based IDS Systems
@article{ponomarev2015industrial,
  title={Industrial control system network intrusion detection by telemetry analysis},
  author={Ponomarev, Stanislav and Atkison, Travis},
  journal={IEEE Transactions on Dependable and Secure Computing},
  volume={13},
  number={2},
  pages={252--260},
  year={2015},
  publisher={IEEE}
}

@inproceedings{schuster2013towards,
  title={Towards learning normality for anomaly detection in industrial control networks},
  author={Schuster, Franka and Paul, Andreas and K{\"o}nig, Hartmut},
  booktitle={IFIP International Conference on Autonomous Infrastructure, Management and Security},
  pages={61--72},
  year={2013},
  organization={Springer}
}

@inproceedings{feng2017multi,
  title={Multi-level anomaly detection in industrial control systems via package signatures and LSTM networks},
  author={Feng, Cheng and Li, Tingting and Chana, Deeph},
  booktitle={2017 47th Annual IEEE/IFIP International Conference on Dependable Systems and Networks (DSN)},
  pages={261--272},
  year={2017},
  organization={IEEE}
}

@inproceedings{terai2017cyber,
  title={Cyber-attack detection for industrial control system monitoring with support vector machine based on communication profile},
  author={Terai, Asuka and Abe, Shingo and Kojima, Shoya and Takano, Yuta and Koshijima, Ichiro},
  booktitle={2017 IEEE European Symposium on Security and Privacy Workshops (EuroS\&PW)},
  pages={132--138},
  year={2017},
  organization={IEEE}
}

@inproceedings{hijazi2018deep,
  title={A Deep Learning Approach for Intrusion Detection System in Industry Network.},
  author={Hijazi, Ahmad and El Safadi, Abed and Flaus, Jean-Marie},
  booktitle={BDCSIntell},
  pages={55--62},
  year={2018}
}

%Sklearn
@article{scikit-learn,
 title={Scikit-learn: Machine Learning in {P}ython},
 author={Pedregosa, F. and Varoquaux, G. and Gramfort, A. and Michel, V.
         and Thirion, B. and Grisel, O. and Blondel, M. and Prettenhofer, P.
         and Weiss, R. and Dubourg, V. and Vanderplas, J. and Passos, A. and
         Cournapeau, D. and Brucher, M. and Perrot, M. and Duchesnay, E.},
 journal={Journal of Machine Learning Research},
 volume={12},
 pages={2825--2830},
 year={2011}
}

%website explaining decision tree nodes
@misc{ceballos_2020,
title={Scikit-Learn Decision Trees Explained}, url={https://towardsdatascience.com/scikit-learn-decision-trees-explained-803f3812290d}, journal={Medium}, 
publisher={Towards Data Science}, 
author={Ceballos, Frank}, 
year={2020}, 
month={Apr}
}

%Survey of Classification Techniques
@inproceedings{phyu2009survey,
  title={Survey of classification techniques in data mining},
  author={Phyu, Thair Nu},
  booktitle={Proceedings of the International MultiConference of Engineers and Computer Scientists},
  volume={1},
  pages={18--20},
  year={2009}
}

%book on data mining techniques
@article{han2011data,
  title={Data mining concepts and techniques third edition},
  author={Han, Jiawei and Kamber, Micheline and Pei, Jian},
  journal={Morgan Kaufmann},
  year={2011}
}

%paper explaining classification techniques
@article{nikam2015comparative,
  title={A comparative study of classification techniques in data mining algorithms},
  author={Nikam, Sagar S},
  journal={Oriental journal of computer science \& technology},
  volume={8},
  number={1},
  pages={13--19},
  year={2015}
}

%Website explaining Davies-Bouldin Index 
@misc{deycheck_dey_2019, 
    title={Dunn index and DB index - Cluster Validity indices: Set 1}, url={https://www.geeksforgeeks.org/dunn-index-and-db-index-cluster-validity-indices-set-1/}, journal={GeeksforGeeks}, 
    author={DeyCheck, Debomit and Dey, Debomit}, 
    year={2019}, 
    month={May}
}

%website with svm image
@misc{sanjeevi_mady_2018, 
    title={Chapter 3: Support Vector machine with Math.}, url={https://medium.com/deep-math-machine-learning-ai/chapter-3-support-vector-machine-with-math-47d6193c82be}, 
    journal={Medium}, 
    publisher={Deep Math Machine learning.ai}, 
    author={Sanjeevi, Madhu and Mady}, 
    year={2018}, month={Jun}
}

%%%%%%%%%%%%%%%%%%%%%%%%%%%%%%%%%%%%%%%%%%%%%%%%%%%%%%%%%%%%%%%%%%%%%%%%%%%%%%%%%%%%%%%%%%%%%%

%Datasets

%Power Systems Datasets
@article{pan2015developing,
  title={Developing a hybrid intrusion detection system using data mining for power systems},
  author={Pan, Shengyi and Morris, Thomas and Adhikari, Uttam},
  journal={IEEE Transactions on Smart Grid},
  volume={6},
  number={6},
  pages={3104--3113},
  year={2015},
  publisher={IEEE}
}

%Gas Pipeline Datasets
@inproceedings{beaver2013evaluation,
  title={An evaluation of machine learning methods to detect malicious SCADA communications},
  author={Beaver, Justin M and Borges-Hink, Raymond C and Buckner, Mark A},
  booktitle={2013 12th International Conference on Machine Learning and Applications},
  volume={2},
  pages={54--59},
  year={2013},
  organization={IEEE}
}

%Gas Pipeline and Water Storage Tank
@article{morris2011control,
  title={A control system testbed to validate critical infrastructure protection concepts},
  author={Morris, Thomas and Srivastava, Anurag and Reaves, Bradley and Gao, Wei and Pavurapu, Kalyan and Reddi, Ram},
  journal={International Journal of Critical Infrastructure Protection},
  volume={4},
  number={2},
  pages={88--103},
  year={2011},
  publisher={Elsevier}
}

%New Gas Pipeline
@article{morris2015industrial,
  title={Industrial control system simulation and data logging for intrusion detection system research},
  author={Morris, Thomas H and Thornton, Zach and Turnipseed, Ian},
  journal={7th annual southeastern cyber security summit},
  pages={3--4},
  year={2015}
}

%This was the dataset used in the project
  @misc{passos_sakagami_santos_haas_taves_2017, 
  title={Costal operating wind farms: two datasets with concurrent SCADA, LiDAR and turbulent fluxes}, url={https://zenodo.figshare.com/articles/Costal_operating_wind_farms_two_datasets_with_concurrent_SCADA_LiDAR_and_turbulent_fluxes/9830969/1}, 
  DOI={10.5281/zenodo.1475197}, 
  publisher={Zenodo}, 
  author={Passos, JÃºlio and Sakagami, Yoshiaki and Santos, Pedro and Haas, Reinaldo and Taves, Frederico}, 
  year={2017}, 
  month={Jul} 
}
